<?xml version="1.0" encoding="UTF-8"?><collection xmlns="http://www.loc.gov/MARC21/slim"><record><leader>00423nam--2200121-i-4500</leader><controlfield tag="001">000033253</controlfield><controlfield tag="002">20161230</controlfield><controlfield tag="005">20161230201039</controlfield><controlfield tag="008">060222s1000------------r-----000-0-eng-d</controlfield><datafield ind1=" " ind2=" " tag="100"><subfield code="a">Molverton, Raymond W</subfield></datafield><datafield ind1=" " ind2=" " tag="245"><subfield code="a">Flight performance handbook for orbital operations. orbital mechanics and astrodynamics formulae, theorems, techniques and applications</subfield></datafield><datafield ind1=" " ind2=" " tag="260"><subfield code="a">New York, John Wiley &amp; Sons, Inc., 1963, P.Dif</subfield></datafield><datafield ind1=" " ind2=" " tag="852"><subfield code="a">18777</subfield></datafield></record></collection>